<?xml version="1.0" encoding="UTF-8"?><collection xmlns="http://www.loc.gov/MARC21/slim"><record><leader>00425nam--2200145-i-4500</leader><controlfield tag="001">000039464</controlfield><controlfield tag="002">20161230</controlfield><controlfield tag="005">20161230201042</controlfield><controlfield tag="008">060222s1000------------r-----000-0-eng-d</controlfield><datafield ind1=" " ind2=" " tag="080"><subfield code="a">517.53:53:62</subfield></datafield><datafield ind1=" " ind2=" " tag="100"><subfield code="a">Roos, Bernard W</subfield></datafield><datafield ind1=" " ind2=" " tag="245"><subfield code="a">Analytic functions and distributions in physics and engineering</subfield></datafield><datafield ind1=" " ind2=" " tag="260"><subfield code="a">New York, John Wiley &amp; Sons, Inc., 1969, Xiv + 521p</subfield></datafield><datafield ind1=" " ind2=" " tag="852"><subfield code="a">35555</subfield><subfield code="c">517.5</subfield></datafield><datafield ind1=" " ind2=" " tag="CAT"><subfield code="a">Sys</subfield><subfield code="c">20080805</subfield><subfield code="h">122316</subfield></datafield></record></collection>